2363 2979
478 734 678 816 Versus
709 765 789 824 illi,
822 781 1004 827 quorum
1034 767 1234 813 mensura
1258 783 1284 813 a
1306 765 1532 816 Boeckhio
1565 777 1632 816 est
1664 770 1895 843 castigata,
1925 775 2057 844 aptis-

480 844 588 888 sime
620 843 668 886 in
697 841 783 885 tria
814 838 986 885 diversa
1018 838 1154 885 dividi
1177 848 1362 901 possunt
1391 858 1576 904 genera,
1608 859 1791 909 quorum
1822 847 2058 892 communis

480 922 548 960 est
589 930 641 959 ea
679 919 857 970 natura,
898 920 947 957 ut
989 912 1185 959 ordinem
1225 916 1411 974 primm
1450 917 1498 959 in
1530 917 1644 963 thesi
1682 919 2061 987 conquiescentem
2142 968 2145 971 ,

478 988 669 1045 excipiat
706 988 809 1028 novi
852 984 1018 1029 ordinis
1060 989 1307 1044 unacrusis,
1359 1003 1488 1047 quam
1526 977 1702 1048 quidem
1741 992 2061 1034 convniam-am

476 1059 727 1104 Boeckhius
759 1072 815 1101 ex
844 1059 996 1103 metris
1027 1058 1340 1116 extrudendum
1371 1067 1544 1117 censet,
1589 1061 1692 1121 quia
1721 1056 1905 1106 humilis¹
1928 1063 1986 1106 sit
2014 1066 2063 1124 set
2119 1075 2124 1079 ·

475 1133 738 1177 inconcinna
761 1130 1016 1190 numerique
1037 1138 1184 1176 careat
1208 1130 1493 1177 continuitate
1519 1128 1592 1191 (de
1613 1149 1672 1191 m.
1692 1130 1749 1176 P.
1772 1149 1816 1192 p.
1839 1131 1920 1177 79.
1947 1131 2062 1176 173.

474 1202 609 1260 LIII,
640 1219 676 1247 c.
708 1200 786 1260 5.).
865 1201 1010 1256 Quam
1057 1203 1233 1263 quidem
1279 1206 1629 1262 commissuram,
1680 1206 1937 1264 praesertim
1985 1202 2063 1245 ubi

476 1275 655 1321 brevem
686 1274 830 1320 thesin
856 1272 1005 1318 brevis
1037 1277 1161 1336 sequi
1187 1275 1355 1320 dicatur
1378 1279 1616 1332 amucrusis,
1647 1292 1736 1320 non
1756 1275 1918 1335 ubique
1950 1276 2063 1319 tueri

475 1348 524 1392 iu
555 1348 699 1397 animo
720 1352 789 1391 est
820 1341 958 1405 (velut
988 1347 1111 1392 iniis
1134 1345 1331 1392 versibus
1362 1346 1636 1409 longioribus
1658 1346 1919 1408 glyconicis‚
1951 1341 2062 1407 quos

473 1419 745 1477 grammatici
782 1424 832 1455 ut
863 1424 1097 1470 quaterna·
1136 1418 1191 1455 ab
1223 1420 1349 1457 initio
1381 1418 1571 1472 syllabas
1611 1423 1921 1471 componerent
1934 1444 1949 1469 ‚
1989 1431 2061 1457 an-

472 1487 728 1548 tispasticos
758 1498 996 1540 vocavere,
1027 1498 1159 1543 quum
1190 1488 1334 1528 tamen
1364 1480 1461 1527 basi
1491 1484 1730 1543 praemissa
1762 1500 1825 1529 ex·
1849 1483 2060 1529 choriam-

473 1560 546 1604 bis
574 1566 620 1604 et
641 1556 797 1603 iambis
820 1561 1020 1600 constare
1045 1553 1274 1599 videantur
1295 1552 1538 1613 Hephaest.
1560 1554 1600 1612 1,
1623 1552 1702 1598 10.
1735 1551 1796 1615 (p.
1815 1553 1897 1599 56.
1921 1554 2060 1599 Gaisf.

474 1649 518 1692 Ρ.
550 1629 632 1676 55.
663 1625 878 1688 Turneb.)

791 1720 868 1767 καὶ
898 1721 1057 1778 κνίσσῃ
1086 1719 1189 1765 τινὰ
1220 1717 1465 1778 θυμιήσας.

790 1791 906 1852 χαῖρ’
941 1789 978 1837 ὦ
1008 1793 1264 1852 χρυσοκέρω
1293 1790 1513 1850 βοέβακτα
1545 1791 1705 1850 κήλων.

473 1888 529 1935 de
557 1885 717 1948 quibus
740 1900 810 1928 W.
832 1884 1112 1929 Hermannus
1139 1890 1305 1929 rectum
1326 1882 1437 1928 vidit
1452 1883 1524 1928 El.
1553 1882 1595 1926 d.
1616 1900 1673 1928 m.
1696 1899 1742 1944 p.
1766 1879 1885 1925 224.
1902 1879 2059 1942 225.):
2105 1892 2109 1893 ’

475 1959 555 2006 sed
586 1960 634 2004 in
669 1972 723 2003 eo
754 1963 921 2001 tantum
960 1957 1046 2015 ipsi
1076 1953 1403 2015 repugnandum
1443 1962 1551 2015 puto
1564 1985 1580 2012 ‚
1627 1953 1747 2015 quod
1778 1969 1927 1998 omnes
1958 1954 2075 2000 illos‘

474 2046 656 2088 versus,
711 2044 822 2089 quos
854 2043 953 2072 *uuo
995 2024 1207 2072 vocabulo
1253 2026 1438 2073 iambico
1457 2054 1475 2064 -
1492 2028 1800 2087 antispasticos
1838 2026 2058 2086 appellare

474 2104 583 2150 mihi
612 2100 764 2148 licebit
789 2098 910 2162 (quia
934 2115 990 2146 ex
1015 2101 1267 2160 antispastis
1299 2106 1343 2144 et
1375 2099 1530 2144 iambis
1561 2099 1633 2144 vel
1656 2115 1711 2143 ex
1743 2097 1911 2142 duobus
1944 2097 2057 2143 ordi-

474 2176 606 2220 nibus
636 2174 832 2220 iambicis
863 2174 952 2217 illis
977 2172 1102 2216 valde
1132 2172 1346 2231 similibus
1373 2179 1599 2228 constant,
1630 2173 1691 2215 ita
1722 2169 1931 2230 legendos
1960 2186 2078 2216 cen--

477 2255 570 2307 sct,
599 2254 650 2294 ut
674 2247 954 2295 commissura
985 2244 1060 2291 illa
1086 2244 1275 2291 tollatur.
1337 2244 1492 2307 Itaque
1522 2243 1576 2290 de
1601 2243 1757 2305 quovis
1781 2258 1940 2303 genere
1970 2243 2055 2288 sin·

2297 2243 2312 2979 Qui—s,
2300 2111 2312 2239 *Q
2301 1797 2315 2107 nam—hm..
2307 1750 2314 1789 ...ὁ
2307 1711 2311 1715 -
2303 1657 2312 1667 ι

2354 2563 2361 2566 ,
