2363 2979
1173 196 1231 256 ¹⁸

531 298 638 346 Eur.
669 291 999 367 Andr.1215.
1028 293 1112 362 τίν’
1147 294 1269 342 αἷῶν’
1296 295 1362 352 ,εἰς
1392 298 1461 344 τὸ·
1477 297 1633 349 λοιπὸν
1661 298 1781 353 ἕξεις.
1807 356 1810 360 λ

534 373 633 417 Ion.
665 368 787 415 218.
818 370 977 430 ἐναίρει
1006 372 1098 420 Γᾶς
1128 370 1299 433 τέκνων
1325 369 1356 414 ὁ
1385 369 1581 430 Βάκχος.

409 472 539 522 modo
571 473 787 520 Boeekhii
817 474 977 517 rationi
1007 473 1146 532 magis
1177 472 1324 516 faveat

529 575 694 622 Aesch.
725 576 814 636 Ag.
847 573 966 619 209.
998 575 1196 635 μιαίνων
1225 560 1656 636 σίαρθενοσφοῖγοισι.

530 648 593 693 ih.
627 641 747 693 576.
779 646 1010 709 φλεόντων
1041 645 1270 708 δωμάτων
1302 646 1512 707 ὑπέρφευ.

539 720 601 765 ih.
612 714 753 765 3⁷⁷.
770 719 1015 770 πνεόντων
1046 719 1202 781 μεῖζον
1231 719 1261 778 ἤ
1291 719 1485 771 δικαίως.

540 793 682 855 Soph.
715 792 774 838 0.
807 793 858 839 C.
894 790 1046 839 1095.
1080 796 1235 879 μολεῖν
1265 796 1326 854 γᾷ
1355 792 1464 851 τᾷδε
1495 790 1570 838 καὶ
1601 794 1809 845 πολίταις.

536 864 645 911 Eur.
676 864 819 911 Andr.
854 862 1006 909 1199.
1037 863 1168 924 νόμω
1198 869 1264 924 τῷ
1294 867 1513 927 νερτέρων
1544 862 1765 924 κατάρξω.

409 981 496 1029 iam
526 957 644 1022 aliud
676 984 977 1039 argumentum
1007 979 1054 1022 in
1085 993 1139 1023 co
1172 979 1381 1040 cognosci
1411 993 1542 1039 posse
1574 976 1730 1035 credo,
1770 977 1888 1038 quod
1917 978 1998 1024 hae

411 1051 521 1097 duae
553 1052 819 1112 particulae,
860 1053 908 1096 in
940 1067 1049 1112 quas
1079 1066 1232 1096 versus
1265 1049 1474 1095 dividitur
1505 1049 1560 1094 ab
1592 1051 1872 1106 Hermanno,
1912 1066 2000 1095 non

410 1126 474 1167 ita
505 1123 738 1169 dissimiles
768 1139 911 1185 neque
944 1123 999 1168 ab
1032 1139 1080 1169 se
1113 1124 1279 1169 alienae
1310 1122 1541 1181 videntur,
1573 1140 1705 1184 quum
1738 1124 2000 1182 antispastus

414 1196 526 1239 nihil
558 1197 675 1239 aliud
707 1212 802 1241 esse
835 1196 1058 1254 videatur,
1098 1213 1228 1257 quam
1267 1195 1453 1242 iambica
1492 1193 1830 1255 πενθημιμερής
1861 1194 2001 1253 media

416 1266 584 1327 syllaba
614 1267 740 1314 brevi
771 1268 879 1315 elisa

601 1412 632 1458 ὗ
681 1394 1135 1479 Ῐ-ῘΙυΙΑΪΑιᾍ.

416 1527 480 1569 ita
521 1525 637 1569 enim
676 1540 826 1570 omnes
868 1525 968 1568 illae
1010 1526 1057 1567 in
1096 1522 1303 1568 mutando
1346 1525 1589 1583 antispasto
1627 1522 1830 1568 licentiae
1869 1522 2004 1583 expli·

418 1598 508 1640 cari
538 1604 735 1656 possunt.
760 1632 762 1635 ,
799 1596 998 1656 Utraque
1029 1611 1134 1656 pars
1165 1612 1192 1641 a
1212 1594 1366 1640 iambo
1398 1597 1577 1656 incipit,
1620 1603 1803 1656 utraque
1829 1598 1882 1652 ‘in
1912 1596 2004 1640 the—

416 1670 486 1711 sin
516 1670 796 1727 terminatur3
838 1668 957 1729 quod
999 1675 1117 1713 certe
1149 1684 1240 1713 nou
1279 1670 1421 1713 minus
1453 1668 1627 1727 placere
1658 1675 1829 1728 potest,
1876 1684 2004 1727 quam

416 1740 494 1783 illa
530 1741 747 1785 Bocckhii
788 1742 1047 1799 compositio
1062 1751 1075 1764 ·
1089 1756 1145 1784 ex
1184 1741 1383 1784 anacrusi
1427 1740 1523 1783 basi
1569 1748 1614 1785 et
1653 1740 1895 1798 trochaeis,
1949 1740 2003 1784 de

419 1827 506 1873 qua
549 1814 705 1873 postea
743 1809 972 1858 disseram.
1059 1810 1203 1858 Multo
1252 1814 1440 1859 certiora
1486 1814 1734 1868 testimonia
1775 1811 2005 1857 dirimendi

419 1884 572 1928 versus
612 1892 714 1930 sunt
743 1880 827 1930 'isti
872 1884 961 1930 loci
1004 1882 1078 1944 (ad
1110 1901 1273 1947 argum.
1313 1887 1489 1931 tertium
1530 1882 1910 1946 commemorandi)
1959 1886 2005 1929 in

420 1956 581 2017 quibus
613 1957 749 2002 thesis
788 1958 864 2002 illa
899 1959 1129 2017 antispasti
1167 1960 1214 2002 in
1252 1958 1443 2018 stropha·
1462 1957 1616 2020 longa,
1656 1960 1703 2003 in
1734 1957 2004 2018 antistropha

421 2036 563 2075 autem
602 2029 752 2076 brevis
794 2031 968 2092 legitur.
1048 2031 1253 2092 Denique
1292 2034 1531 2092 praeterire
1571 2047 1660 2078 nou
1701 2048 1900 2092 possum,
1949 2046 2003 2075 cx

420 2103 665 2148 Hei-manni
702 2105 871 2148 ratione
910 2097 1047 2147 multo
1079 2105 1222 2163 aptius
1252 2107 1359 2164 poni
1390 2106 1528 2163 ictus,
1568 2107 1644 2166 qui
1675 2105 1877 2166 reliquis
1887 2110 2004 2148 ante-

423 2164 584 2220 cellant
620 2175 790 2220 arsibus
803 2207 819 2233 ,
861 2178 908 2220 in
951 2175 1227 2236 paenultimis
1264 2179 1489 2244 utriusque
1528 2178 1767 2247 particulae
1809 2175 2003 2237 syllabis,

427 2262 555 2308 quam
587 2250 627 2294 si
656 2248 928 2295 Boeckhium
960 2250 1178 2310 sequimur
1209 2250 1255 2295 in
1287 2249 1476 2296 secunda
1507 2257 1553 2295 et
1584 2245 1752 2311 quarta.
